@book{ abelson-et-al:scheme,
  author = "Harold Abelson and Gerald~Jay Sussman and Julie Sussman",
  title = "Structure and Interpretation of Computer Programs",
  publisher = "MIT Press",
  address = "Cambridge, Massachusetts",
  year = "1985"
}

@inproceedings{ bgf:Lixto,
  author = "Robert Baumgartner and Georg Gottlob and Sergio Flesca",
  title = "Visual Information Extraction with {Lixto}",
  booktitle = "The 27th International Conference on Very Large Databases",
  pages = "119--128",
  publisher = "Morgan Kaufmann",
  address = "Rome, Italy",
  month = "September",
  year = "2001"
}

@article{ brachman-schmolze:kl-one,
  author = "Ronald~J. Brachman and James~G. Schmolze",
  title = "An overview of the {KL-ONE} knowledge representation system",
  journal = "Cognitive Science",
  volume = "9",
  number = "2",
  pages = "171--216",
  month = "April--June",
  year = "1985"
}


@inproceedings{liu2017interactive,
  title={Interactive 3D modeling with a generative adversarial network},
  author={Liu, Jerry and Yu, Fisher and Funkhouser, Thomas},
  booktitle={2017 International Conference on 3D Vision (3DV)},
  pages={126--134},
  year={2017},
  organization={IEEE}
}

@article{silver2017mastering,
  title={Mastering the game of go without human knowledge},
  author={Silver, David and Schrittwieser, Julian and Simonyan, Karen and Antonoglou, Ioannis and Huang, Aja and Guez, Arthur and Hubert, Thomas and Baker, Lucas and Lai, Matthew and Bolton, Adrian and others},
  journal={Nature},
  volume={550},
  number={7676},
  pages={354--359},
  year={2017},
  publisher={Nature Publishing Group}
}

@article{berner2019dota,
  title={Dota 2 with Large Scale Deep Reinforcement Learning},
  author={Berner, Christopher and Brockman, Greg and Chan, Brooke and Cheung, Vicki and D{{e}}biak, Przemyslaw and Dennison, Christy and Farhi, David and Fischer, Quirin and Hashme, Shariq and Hesse, Chris and others},
  journal={arXiv preprint arXiv:1912.06680},
  year={2019}
}

@article{salge2014changing,
  title={Changing the environment based on empowerment as intrinsic motivation},
  author={Salge, Christoph and Glackin, Cornelius and Polani, Daniel},
  journal={Entropy},
  volume={16},
  number={5},
  pages={2789--2819},
  year={2014},
  publisher={Multidisciplinary Digital Publishing Institute}
}
@inproceedings{andreas2017modular,
  title={Modular multitask reinforcement learning with policy sketches},
  author={Andreas, Jacob and Klein, Dan and Levine, Sergey},
  booktitle={The 34th International Conference on Machine Learning},
  pages={166--175},
  year={2017}
}

@article{oh2016control,
  title={Control of memory, active perception, and action in {M}inecraft},
  author={Oh, Junhyuk and Chockalingam, Valliappa and Singh, Satinder and Lee, Honglak},
  journal={arXiv preprint arXiv:1605.09128},
  year={2016}
}

@inproceedings{tessler2017deep,
  title={A deep hierarchical approach to lifelong learning in minecraft},
  author={Tessler, Chen and Givony, Shahar and Zahavy, Tom and Mankowitz, Daniel J and Mannor, Shie},
  booktitle={The 31st AAAI Conference on Artificial Intelligence},
  year={2017}
}

@article{shu2017hierarchical,
  title={Hierarchical and interpretable skill acquisition in multi-task reinforcement learning},
  author={Shu, Tianmin and Xiong, Caiming and Socher, Richard},
  journal={arXiv preprint arXiv:1712.07294},
  year={2017}
}

@article{ gottlob:nonmon,
  author = "Georg Gottlob",
  title = "Complexity results for nonmonotonic logics",
  journal = "Journal of Logic and Computation",
  volume = "2",
  number = "3",
  pages = "397--425",
  month = "June",
  year = "1992"
}

@article{ gls:hypertrees,
  author = "Georg Gottlob and Nicola Leone and Francesco Scarcello",
  title = "Hypertree Decompositions and Tractable Queries",
  journal = "Journal of Computer and System Sciences",
  volume = "64",
  number = "3",
  pages = "579--627",
  month = "May",
  year = "2002"
}

@article{ levesque:functional-foundations,
  author = "Hector~J. Levesque",
  title = "Foundations of a functional approach to knowledge representation",
  journal = "Artificial Intelligence",
  volume = "23",
  number = "2",
  pages = "155--212",
  month = "July",
  year = "1984"
}

@inproceedings{ levesque:belief,
  author = "Hector~J. Levesque",
  title = "A logic of implicit and explicit belief",
  booktitle = "The 4th National Conference on Artificial Intelligence",
  publisher = "American Association for Artificial Intelligence",
  pages = "198--202",
  address = "Austin, Texas",
  month = "August",
  year = "1984"
}

@article{ nebel:jair-2000,
  author = "Bernhard Nebel",
  title = "On the compilability and expressive power of propositional planning formalisms",
  journal = "Journal of Artificial Intelligence Research",
  volume = "12",
  pages = "271--315",
  year = "2000"
}

 @misc{proceedings,
  author = {{IJCAI Proceedings}},
  title = {{IJCAI} Camera Ready Submission},
  howpublished = {\url{https://proceedings.ijcai.org/info}},
}

@inproceedings{hessel2018rainbow,
  title={Rainbow: Combining improvements in deep reinforcement learning},
  author={Hessel, Matteo and Modayil, Joseph and Van Hasselt, Hado and Schaul, Tom and Ostrovski, Georg and Dabney, Will and Horgan, Dan and Piot, Bilal and Azar, Mohammad and Silver, David},
  booktitle={The 32nd AAAI Conference on Artificial Intelligence},
  year={2018}
}
@inproceedings{kempka2016vizdoom,
  title={Vizdoom: A doom-based ai research platform for visual reinforcement learning},
  author={Kempka, Micha{\l} and Wydmuch, Marek and Runc, Grzegorz and Toczek, Jakub and Ja{\'s}kowski, Wojciech},
  booktitle={2016 IEEE Conference on Computational Intelligence and Games},
  pages={1--8},
  year={2016},
  organization={IEEE}
}


@article{mnih2015human,
  title={Human-level control through deep reinforcement learning},
  author={Mnih, Volodymyr and Kavukcuoglu, Koray and Silver, David and Rusu, Andrei A and Veness, Joel and Bellemare, Marc G and Graves, Alex and Riedmiller, Martin and Fidjeland, Andreas K and Ostrovski, Georg and others},
  journal={Nature},
  volume={518},
  number={7540},
  pages={529},
  year={2015},
  publisher={Nature Publishing Group}
}

@article{bellemare2013arcade,
  title={The arcade learning environment: An evaluation platform for general agents},
  author={Bellemare, Marc G and Naddaf, Yavar and Veness, Joel and Bowling, Michael},
  journal={Journal of Artificial Intelligence Research},
  volume={47},
  pages={253--279},
  year={2013}
}
@misc{synced_2019, title={NeurIPS 2019 Will Host Minecraft Reinforcement Learning Competition}, url={https://medium.com/syncedreview/neurips-2019-will-host-minecraft-reinforcement-learning-competition-146e8bc8da1}, journal={Medium}, publisher={SyncedReview}, author={Synced}, year={2019}, month={May}}

@misc{vincent_2019, title={AI has bested chess and Go, but it struggles to find a diamond in Minecraft}, url={https://www.theverge.com/2019/12/13/21020230/ai-minecraft-minerl-diamond-challenge-microsoft-reinforcement-learning}, journal={The Verge}, publisher={The Verge}, author={Vincent, James}, year={2019}, month={Dec}}

@misc{shead_2019, title={Minecraft diamond challenge leaves AI creators stumped}, url={https://www.bbc.com/news/technology-50720823}, journal={BBC News}, publisher={BBC}, author={Shead, Sam}, year={2019}, month={Dec}}

@misc{hsu_2019, title={AI takes on popular Minecraft game in machine-learning contest}, url={https://www.nature.com/articles/d41586-019-03630-0}, journal={Nature News}, publisher={Nature Publishing Group}, author={Hsu, Jeremy}, year={2019}, month={Nov}}

@inproceedings{johnson2016malmo,
  title={The Malmo Platform for Artificial Intelligence Experimentation.},
  author={Johnson, Matthew and Hofmann, Katja and Hutton, Tim and Bignell, David},
  booktitle={The 25th International Joint Conference on Artificial Intelligence},
  pages={4246--4247},
  year={2016}
}


@misc{openai_2017, title={Universe}, url={https://blog.openai.com/universe/}, journal={OpenAI Blog}, publisher={OpenAI Blog}, author={OpenAI}, year={2017}, month={Mar}}

@article{finn2017one,
  title={One-shot visual imitation learning via meta-learning},
  author={Finn, Chelsea and Yu, Tianhe and Zhang, Tianhao and Abbeel, Pieter and Levine, Sergey},
  journal={arXiv preprint arXiv:1709.04905},
  year={2017}
}

@inproceedings{hester2018deep,
  title={Deep q-learning from demonstrations},
  author={Hester, Todd and Vecerik, Matej and Pietquin, Olivier and Lanctot, Marc and Schaul, Tom and Piot, Bilal and Horgan, Dan and Quan, John and Sendonaris, Andrew and Osband, Ian and others},
  booktitle={The 32nd AAAI Conference on Artificial Intelligence},
  year={2018}
}

@article{cruz2017pre,
  title={Pre-training Neural Networks with Human Demonstrations for Deep Reinforcement Learning},
  author={Cruz Jr, Gabriel V and Du, Yunshu and Taylor, Matthew E},
  journal={arXiv preprint arXiv:1709.04083},
  year={2017}
}


@article{panse2018imitation,
  title={Imitation Learning on Atari using Non-Expert Human Annotations},
  author={Panse, Ameya and Madheshia, Tushar and Sriraman, Anand and Karande, Shirish},
  year={2018}
}

@article{gao2018reinforcement,
  title={Reinforcement learning from imperfect demonstrations},
  author={Gao, Yang and Lin, Ji and Yu, Fisher and Levine, Sergey and Darrell, Trevor and others},
  journal={arXiv preprint arXiv:1802.05313},
  year={2018}
}

@inproceedings{finn2016guided,
  title={Guided cost learning: Deep inverse optimal control via policy optimization},
  author={Finn, Chelsea and Levine, Sergey and Abbeel, Pieter},
  booktitle={The 33rd International Conference on Machine Learning},
  pages={49--58},
  year={2016}
}

@article{bojarski2016end,
  title={End to end learning for self-driving cars},
  author={Bojarski, Mariusz and Del Testa, Davide and Dworakowski, Daniel and Firner, Bernhard and Flepp, Beat and Goyal, Prasoon and Jackel, Lawrence D and Monfort, Mathew and Muller, Urs and Zhang, Jiakai and others},
  journal={arXiv preprint arXiv:1604.07316},
  year={2016}
}

@misc{openai_2018, title={OpenAI Five}, url={https://blog.openai.com/openai-five/}, journal={OpenAI Blog}, publisher={OpenAI Blog}, author={OpenAI}, year={2018}, month={Sep}}

@misc{deepmind, title={AlphaStar: Mastering the Real-Time Strategy Game StarCraft II}, url={https://deepmind.com/blog/alphastar-mastering-real-time-strategy-game-starcraft-ii/}, journal={DeepMind}, author={DeepMind}, year={2018}}

@article{tzeng2015adapting,
  title={Adapting deep visuomotor representations with weak pairwise constraints},
  author={Tzeng, Eric and Devin, Coline and Hoffman, Judy and Finn, Chelsea and Abbeel, Pieter and Levine, Sergey and Saenko, Kate and Darrell, Trevor},
  journal={arXiv preprint arXiv:1511.07111},
  year={2015}
}

@inproceedings{tobin2017domain,
  title={Domain randomization for transferring deep neural networks from simulation to the real world},
  author={Tobin, Josh and Fong, Rachel and Ray, Alex and Schneider, Jonas and Zaremba, Wojciech and Abbeel, Pieter},
  booktitle={IEEE/RSJ International Conference on Intelligent Robots and Systems},
  pages={23--30},
  year={2017},
  organization={IEEE}
}

@inproceedings{wang2018pix2pixHD,
  title={High-Resolution Image Synthesis and Semantic Manipulation with Conditional GANs},
  author={Ting-Chun Wang and Ming-Yu Liu and Jun-Yan Zhu and Andrew Tao and Jan Kautz and Bryan Catanzaro},  
  booktitle={The Conference on Computer Vision and Pattern Recognition},
  year={2018}
}

@article{andrychowicz2018learning,
  title={Learning dexterous in-hand manipulation},
  author={Andrychowicz, Marcin and Baker, Bowen and Chociej, Maciek and Jozefowicz, Rafal and McGrew, Bob and Pachocki, Jakub and Petron, Arthur and Plappert, Matthias and Powell, Glenn and Ray, Alex and others},
  journal={arXiv preprint arXiv:1808.00177},
  year={2018}
}

@article{tremblay2018training,
  title={Training deep networks with synthetic data: Bridging the reality gap by domain randomization},
  author={Tremblay, Jonathan and Prakash, Aayush and Acuna, David and Brophy, Mark and Jampani, Varun and Anil, Cem and To, Thang and Cameracci, Eric and Boochoon, Shaad and Birchfield, Stan},
  journal={arXiv preprint arXiv:1804.06516},
  year={2018}
}

@article{levine2018learning,
  title={Learning hand-eye coordination for robotic grasping with deep learning and large-scale data collection},
  author={Levine, Sergey and Pastor, Peter and Krizhevsky, Alex and Ibarz, Julian and Quillen, Deirdre},
  journal={International Journal of Robotics Research},
  volume={37},
  number={4-5},
  pages={421--436},
  year={2018},
  publisher={SAGE Publications Sage UK: London, England}
}

@article{kurin2017atari,
  title={The Atari Grand Challenge Dataset},
  author={Kurin, Vitaly and Nowozin, Sebastian and Hofmann, Katja and Beyer, Lucas and Leibe, Bastian},
  journal={arXiv preprint arXiv:1705.10998},
  year={2017}
}

@inproceedings{godfrey1992switchboard,
  title={SWITCHBOARD: Telephone speech corpus for research and development},
  author={Godfrey, John J and Holliman, Edward C and McDaniel, Jane},
  booktitle={IEEE International Conference on Acoustics, Speech, and Signal Processing},
  volume={1},
  pages={517--520},
  year={1992},
  organization={IEEE}
}

@inproceedings{krizhevsky2012imagenet,
  title={Imagenet classification with deep convolutional neural networks},
  author={Krizhevsky, Alex and Sutskever, Ilya and Hinton, Geoffrey E},
  booktitle={Advances in neural information processing systems},
  pages={1097--1105},
  year={2012}
}


@inproceedings{mnih2016asynchronous,
  title={Asynchronous methods for deep reinforcement learning},
  author={Mnih, Volodymyr and Badia, Adria Puigdomenech and Mirza, Mehdi and Graves, Alex and Lillicrap, Timothy and Harley, Tim and Silver, David and Kavukcuoglu, Koray},
  booktitle={The 33rd International Conference on Machine Learning},
  pages={1928--1937},
  year={2016}
}

@inproceedings{ross2011reduction,
  title={A reduction of imitation learning and structured prediction to no-regret online learning},
  author={Ross, St{\'e}phane and Gordon, Geoffrey and Bagnell, Drew},
  booktitle={The 14th International Conference on Artificial Intelligence and Statistics},
  pages={627--635},
  year={2011}
}

@article{geiger2013vision,
  title={Vision meets robotics: The KITTI dataset},
  author={Geiger, Andreas and Lenz, Philip and Stiller, Christoph and Urtasun, Raquel},
  journal={IJRR},
  volume={32},
  number={11},
  pages={1231--1237},
  year={2013},
  publisher={Sage Publications Sage UK: London, England}
}

@article{mahler2019learning,
  title={Learning ambidextrous robot grasping policies},
  author={Mahler, Jeffrey and Matl, Matthew and Satish, Vishal and Danielczuk, Michael and DeRose, Bill and McKinley, Stephen and Goldberg, Ken},
  journal={Science Robotics},
  volume={4},
  number={26},
  year={2019},
  publisher={AAAS}
}

@inproceedings{lin2017stardata,
  title={Stardata: A starcraft ai research dataset},
  author={Lin, Zeming and Gehring, Jonas and Khalidov, Vasil and Synnaeve, Gabriel},
  booktitle={The 13th Artificial Intelligence and Interactive Digital Entertainment Conference},
  year={2017}
}

@article{deng2009imagenet,
  title={Imagenet: A large-scale hierarchical image database},
  author={Deng, Jia and Dong, Wei and Socher, Richard and Li, Li-Jia and Li, Kai and Fei-Fei, Li},
  year={2009},
  publisher={IEEE}
}

@misc{baselines,
  author = {Dhariwal, Prafulla and Hesse, Christopher and Klimov, Oleg and Nichol, Alex and Plappert, Matthias and Radford, Alec and Schulman, John and Sidor, Szymon and Wu, Yuhuai and Zhokhov, Peter},
  title = {OpenAI Baselines},
  year = {2017},
  publisher = {GitHub},
  journal = {GitHub repository},
}


@article{nichol2018gotta,
  title={Gotta learn fast: A new benchmark for generalization in rl},
  author={Nichol, Alex and Pfau, Vicki and Hesse, Christopher and Klimov, Oleg and Schulman, John},
  journal={arXiv preprint arXiv:1804.03720},
  year={2018}
}

@incollection{kidzinski2018learning,
  title={Learning to run challenge: Synthesizing physiologically accurate motion using deep reinforcement learning},
  author={Kidzi{\'n}ski, {\L}ukasz and Mohanty, Sharada P and Ong, Carmichael F and Hicks, Jennifer L and Carroll, Sean F and Levine, Sergey and Salath{\'e}, Marcel and Delp, Scott L},
  booktitle={The NIPS'17 Competition: Building Intelligent Systems},
  pages={101--120},
  year={2018},
  publisher={Springer}
}

@article{perez2019multi,
  title={{The Multi-Agent Reinforcement Learning in Malm\"{O} (MARL\"{O}) Competition}},
  author={Perez-Liebana, Diego and Hofmann, Katja and Mohanty, Sharada Prasanna and Kuno, Noburu and Kramer, Andre and Devlin, Sam and Gaina, Raluca D and Ionita, Daniel},
  journal={arXiv preprint arXiv:1901.08129},
  year={2019}
}

@article{west2015happens,
  title={What happens if robots take the jobs? The impact of emerging technologies on employment and public policy},
  author={West, Darrell M},
  journal={Centre for Technology Innovation at Brookings, Washington DC},
  year={2015}
}

@book{algernon_bucknor_rockeymoore_2017, place={Washington, DC}, title={Stick shift: Autonomous vehicles, driving jobs, and the future of work.}, journal={Stick shift: Autonomous vehicles, driving jobs, and the future of work}, institution={Center for Global Policy Solutions}, author={Algernon, A and Bucknor, C and Rockeymoore, K}, year={2017}}

@article{groshen2018preparing,
  title={Preparing US workers and employers for an autonomous vehicle future},
  author={Groshen, Erica L. and Helper, Susan and MacDuffie, John Paul and Carson, Charles},
  journal={Washington, DC: Securing America’s Future Energy (SAFE)},
  year={2018}
}

@misc{amodei_hednandez_2018, title={https://blog.openai.com/ai-and-compute/}, url={https://blog.openai.com/ai-and-compute/}, journal={AI and Compute}, publisher={Open AI}, author={Amodei, Dario and Hernandez, Danny}, year={2018}, month={May}}


@inproceedings{salge2018generative,
  title={{Generative Design in Minecraft (GDMC): Settlement Generation Competition}},
  author={Salge, Christoph and Green, Michael Cerny and Canaan, Rodgrigo and Togelius, Julian},
  booktitle={The 13th International Conference on the Foundations of Digital Games},
  pages={49},
  year={2018},
  organization={ACM}
}

@inproceedings{gussminerlijcai2019,
    title={Mine{RL}: A Large-Scale Dataset of {M}inecraft Demonstrations},
    booktitle={The 28th International Joint Conference on Artificial Intelligence}, 
    author={Guss*, William H. and Houghton*, Brandon and Topin, Nicholay and Wang, Phillip and Codel, Cayden and Veloso, Manuela and Salakhutdinov, Ruslan}, 
    year={2019} 
}

 @inproceedings{gussminerlneurips2019,
    title={The {M}ine{RL} Competition on Sample Efficient Reinforcement Learning using Human Priors},  
    booktitle={The 33rd Conference on Neural Information Processing Systems Competition Track},
    author={Guss, William H. and Codel*, Cayden and Hofmann*, Katja and Houghton*, Brandon and Kuno*, Noboru and Milani*, Stephanie and Mohanty*, Sharada and Perez Liebana*, Diego and Salakhutdinov*, Ruslan and Topin*, Nicholay and Veloso*, Manuela and Wang*, Phillip},
    year={2019}
}

@article{kidzinski_learn2runsynth2018, 
    title={Learning to Run challenge: Synthesizing physiologically accurate motion using deep reinforcement learning},
    journal={The NIPS '17 Competition: Building Intelligent Systems},
    author={Kidziński, Łukasz and Mohanty, Sharada P. and Ong, Carmichael and Hicks, Jennifer L. and Carroll, Sean F. and Levine, Sergey and Salathé, Marcel and Delp, Scott L.}, 
    year={2018}
}
 

 @article{platanios2020jelly,
  title={Jelly Bean World: A Testbed for Never-Ending Learning},
  author={Platanios, Emmanouil Antonios and Saparov, Abulhair and Mitchell, Tom},
  journal={arXiv preprint arXiv:2002.06306},
  year={2020}
}


 @article{kidzinski_learn2runsolns2018, 
    title={Learning to Run challenge solutions: Adapting reinforcement learning methods for neuromusculoskeletal environments},
    journal={The NIPS '17 Competition: Building Intelligent Systems},
    author={Kidziński, Łukasz and Mohanty, Sharada P. and Ong, Carmichael and Huang, Zhewei and Zhou, Shuchang and Pechenko, Anton and Stelmaszczyk, Adam and Jarosik, Piotr and Pavlov, Mikhail and Kolesnikov, Sergey and others}, 
    year={2018}
 }

@inproceedings{dubey_humanpriors2018,
    author={Dubey, Rachit and Agrawal, Pulkit and Pathak, Deepak and Griffins, Thomas L. and Efros, Alexei A.},
    title={Investigating Human Priors for Playing Video Games},
    booktitle={The 35th International Conference on Machine Learning },
    year={2018}
}

@inproceedings{abel2016gradboost,
author = {David Abel and Alekh Agarwal and Fernando Diaz and Akshay Krishnamurthy and Robert E. Schapire},
title = {Exploratory Gradient Boosting for Reinforcement Learning in Complex Domains},
booktitle = {The 33rd International Conference on Machine Learning Workshop on Abstraction in Reinforcement Learning},
year = {2016}
}

@inproceedings{Frazier2019ImprovingDR,
  title={Improving Deep Reinforcement Learning in {M}inecraft with Action Advice},
  author={Spencer J. Frazier and Mark O. Riedl},
  booktitle={The 15th AAAI Conference on Artificial Intelligence and Ineractive Digital Entertainment},
  year={2019}
}

@article{master2019string,
    title={String Diagrams for Assembly Planning},
    author={Jade Master and Evan Patterson and Shahin Yousfi and Arquimedes Canedo},
    year={2019},
    journal={arXiv preprint arXiv: 1909.10475}
}

@article{Arumugam2019drl,
  author    = {Dilip Arumugam and
               Jun Ki Lee and
               Sophie Saskin and
               Michael L. Littman},
  title     = {Deep Reinforcement Learning from Policy-Dependent Human Feedback},
  journal   = {arXiv preprint arXiv: 1902.04257},
  year      = {2019}
}

@inproceedings{trott2019distance,
title = {Keeping Your Distance: Solving Sparse Reward Tasks Using Self-Balancing Shaped Rewards},
author = {Trott, Alexander and Zheng, Stephan and Xiong, Caiming and Socher, Richard},
booktitle = {The 23rd Conference on Neural Information Processing Systems},
year = {2019}
}

@inproceedings{abel2015goalbased,
 author ={David Abel and D.~Ellis Hershkowitz and Gabriel Barth-Maron and Stephen Brawner and Kevin O’Farrell and James MacGlashan and Stefanie Tellex},
 title={Goal-based action priors},
 booktitle={The 29th International Conference on Automated Planning and Scheduling},
 year={2015}
}

@article{gym,
  Author = {Greg Brockman and Vicki Cheung and Ludwig Pettersson and Jonas Schneider and John Schulman and Jie Tang and Wojciech Zaremba},
  Title = {Open{AI} Gym},
  Year = {2016},
  journal = {arXiv preprint arXiv:1606.01540}
}

@article{milani2020minerl,
 author = {Stephanie Milani and Nicholay Topin and Brandon Houghton and William H. Guss and Sharada P. Mohanty and Keisuke Nakata and Oriol Vinyals and Noboru Sean Kuno},
 title = {Retrospective Analysis of the 2019 {MineRL} Competition on Sample Efficient Reinforcement Learning},
 year = {2020},
 journal = {Proceedings of Machine Learning Research: NeurIPS 2019 Competition and Demonstration Track}
}

@inproceedings{hasselt2015deep,
    title={Deep Reinforcement Learning with Double Q-learning},
    author={Hado van Hasselt and Arthur Guez and David Silver},
    year={2016},
   booktitle={The 30th AAAI Conference on Artificial Intelligence}
}


@article{starcraft2019,
  author={Oriol Vinyals and Igor Babuschkin and Wojciech M. Czarnecki and Michael Mathieu and Andrew Dudzik and Junyong Chung and David H. Choi and Richard Powell and Timo Ewalds and Petko Georgiev and others}, 
  title={Grandmaster level in {StarCraft II} using multi-agent reinforcement learning},
  journal={Nature},
  year={2019}
}

@article{alphazero,
  author={David Silver and Thomas Hubert and Julian Schrittwieser and Ioannis Antonoglou and Matthew Lai and Arthur Guez and Marc Lanctot and Laurent Sifre and Dharshan Kumaran and Thore Graepel and others},
  title={A general reinforcement learning algorithm that masters chess, shogi, and Go through self-play},
  year={2018},
  journal={Science},
  volume={362}
}

@inproceedings{gail_2016,
    title={Generative Adversarial Imitation Learning},
    author={Jonathan Ho and Stefano Ermon},
    booktitle={Advancements in Neural Information Processing Systems},
    year={2016}
}

@article{ppo,
  author    = {John Schulman and
               Filip Wolski and
               Prafulla Dhariwal and
               Alec Radford and
               Oleg Klimov},
  title     = {Proximal Policy Optimization Algorithms},
  journal   = {arXiv preprint arXiv:1707.06347},
  year      = {2017}
}

@inproceedings{fujita2019chainerrl,
    title={{ChainerRL}: A Deep Reinforcement Learning Library},
    author={Yasuhiro Fujita and Toshiki Kataoka and Prabhat Nagarajan and Takahiro Ishikawa},
    year={2019},
    booktitle={The 23rd Conference on Neural Information Processing Systems, Deep Reinforcement Learning Workshop}
}

@article{skrynnik2019hierarchical,
    title={Hierarchical Deep Q-Network with Forgetting from Imperfect Demonstrations in {M}inecraft},
    author={Alexey Skrynnik and Aleksey Staroverov and Ermek Aitygulov and Kirill Aksenov and Vasilii Davydov and Aleksander I. Panov},
    year={2019},
    journal={arXiv: 1912.08664}
}

@inproceedings{houghton2020guaranteeing,
  title={Guaranteeing reproducibility in deep learning competitions},
  author={Houghton, Brandon and Milani, Stephanie and Topin, Nicholay and Guss, William and Hofmann, Katja and Perez-Liebana, Diego and Veloso, Manuela and Salakhutdinov, Ruslan},
  booktitle={The 23rd Conference on Neural Information Processing Systems, Challenges in Machine Learning (CiML) Workshop},
  year={2020}
}

@incollection{pytorch,
title = {PyTorch: An Imperative Style, High-Performance Deep Learning Library},
author = {Paszke, Adam and Gross, Sam and Massa, Francisco and Lerer, Adam and Bradbury, James and Chanan, Gregory and Killeen, Trevor and Lin, Zeming and Gimelshein, Natalia and Antiga, Luca and Desmaison, Alban and Kopf, Andreas and Yang, Edward and DeVito, Zachary and Raison, Martin and Tejani, Alykhan and Chilamkurthy, Sasank and Steiner, Benoit and Fang, Lu and Bai, Junjie and Chintala, Soumith},
booktitle = {Advances in Neural Information Processing Systems 32},
pages = {8024--8035},
year = {2019}
}


@article{reddy2019sqil,
  title={SQIL: Imitation learning via reinforcement learning with sparse rewards},
  author={Reddy, Siddharth and Dragan, Anca D and Levine, Sergey},
  journal={arXiv preprint arXiv:1905.11108},
  year={2019}
}

@inproceedings{schaul2015prioritized,
  title={Prioritized experience replay},
  author={Schaul, Tom and Quan, John and Antonoglou, Ioannis and Silver, David},
  booktitle={Proceedings of the International Conference on Learning Representations},
  year={2015}
}

@inproceedings{van2016deep,
  title={Deep reinforcement learning with double q-learning},
  author={Van Hasselt, Hado and Guez, Arthur and Silver, David},
  journal={Proceedings of the AAAI Conference on Artificial Intelligence},
  year={2016}
}

@inproceedings{wang2016dueling,
  title={Dueling network architectures for deep reinforcement learning},
  author={Wang, Ziyu and Schaul, Tom and Hessel, Matteo and Hasselt, Hado and Lanctot, Marc and Freitas, Nando},
  booktitle={Proceedings of the International Conference on Machine Learning},
  year={2016}
}